
@string{aip = "AIP"}
@string{aps = "APS"}
@string{acs = "American Chemical Society"}
@string{rsc = "The Royal Society of Chemistry"}

@string{jpc = "J. Phys. Chem."}
@string{jpca = "J. Phys. Chem. A"}
@string{jcp = "J. Chem. Phys."}
@string{pr  = "Phys. Rev."}
@string{pra = "Phys. Rev. A"}
@string{prb = "Phys. Rev. B"}
@string{prc = "Phys. Rev. C"}
@string{prd = "Phys. Rev. D"}
@string{pre = "Phys. Rev. E"}
@string{prl = "Phys. Rev. Lett."}
@string{rmp = "Rev. Mod. Phys."}

@string{annphys = "Ann. Phys."}
@string{annurevphyschem = "Annu. Rev. Phys. Chem."}
@string{cpc = "Comput. Phys. Commun."}
@string{cpl = "Chem. Phys. Lett."}
@string{cr = "Chem. Rev."}
@string{ijqc = "Int. J. Quant. Chem."}
@string{jap = "J. Appl. Phys."}
@string{jacs = "J. Am. Chem. Soc."}
@string{jcc = "J. Comput. Chem."}
@string{jctc = "J. Chem. Theory Comput."}
@string{jmst = "J. Mol. Struct. (THEOCHEM)"}
@string{molphys = "Mol. Phys."}
@string{pccp = "Phys. Chem. Chem. Phys."}
@string{science = "Science"}

@ARTICLE{fakeCite,
   author = {A. B. Nonexistant},
   title = {Interesting Problem in Physics},
   year = {2008},
   journal = {Fake Journal},
   volume = {1},
   number = {1},
   pages = {1}
}